% Encoding: UTF-8
@String(AAAI = {AAAI})
@String(ACCV  = {ACCV})
@String(ACMMM = {ACM MM})
@String(BMVC  =	{BMVC})
@String(CGF  = {Comput. Graph. Forum})
@String(CSVT = {IEEE TCSVT})
@String(CVM = {Computational Visual Media})
@String(CVPR  = {CVPR})
@String(CVPRW= {CVPRW})
@String(ECCV  = {ECCV})
@String(ICASSP=	{ICASSP})
@String(ICCV  = {ICCV})
@String(ICIP  = {ICIP})
@String(ICLR  = {ICLR})
@String(ICME  =	{ICME})
@String(ICPR  = {ICPR})
@String(IJCAI = {IJCAI})
@String(IJCV  = {IJCV})
@String(JCST  = {J. Comput. Sci. Tech.})
@String(JOV	 = {J. Vis.})
@String(NIPS  = {NeurIPS})
@String(PAMI  = {IEEE TPAMI})
@String(PR = {PR})

@String(SPL	= {IEEE Sign. Process. Letters})
@String(TCSVT = {IEEE TCSVT})
@String(TIP   = {IEEE TIP})
@String(TMM   =	{IEEE TMM})
@String(TOG   = {ACM TOG})
@String(TVC  = {The Vis. Comput.})
@String(TVCG  = {IEEE TVCG})
@String(VR   = {Vis. Res.})

@Article{main_paper_CINN,
  author     = {Lynton Ardizzone and Carsten L{\"{u}}th and Jakob Kruse and Carsten Rother and Ullrich K{\"{o}}the},
  journal    = {CoRR},
  title      = {Guided Image Generation with Conditional Invertible Neural Networks},
  year       = {2019},
  volume     = {abs/1907.02392},
  bibsource  = {dblp computer science bibliography, https://dblp.org},
  biburl     = {https://dblp.org/rec/journals/corr/abs-1907-02392.bib},
  eprint     = {1907.02392},
  eprinttype = {arXiv},
  timestamp  = {Mon, 08 Jul 2019 14:12:33 +0200},
  url        = {http://arxiv.org/abs/1907.02392},
}

@Online{fashion_mnist,
  author      = {Han Xiao and Kashif Rasul and Roland Vollgraf},
  date        = {2017-08-28},
  eprint      = {cs.LG/1708.07747},
  eprintclass = {cs.LG},
  eprinttype  = {arXiv},
  title       = {Fashion-MNIST: a Novel Image Dataset for Benchmarking Machine Learning Algorithms},
  year        = {2017},
}

@Article{RealNVP,
  author     = {Laurent Dinh and Jascha Sohl{-}Dickstein and Samy Bengio},
  journal    = {CoRR},
  title      = {Density estimation using Real {NVP}},
  year       = {2016},
  volume     = {abs/1605.08803},
  bibsource  = {dblp computer science bibliography, https://dblp.org},
  biburl     = {https://dblp.org/rec/journals/corr/DinhSB16.bib},
  eprint     = {1605.08803},
  eprinttype = {arXiv},
  timestamp  = {Mon, 13 Aug 2018 16:47:21 +0200},
  url        = {http://arxiv.org/abs/1605.08803},
}

@Comment{jabref-meta: databaseType:bibtex;}
